<record><leader>00000cas a22000007a 4500</leader><controlfield tag="001">23174180</controlfield><controlfield tag="008">910301d19521960coudn ne      0    0eng d</controlfield><datafield ind1=" " ind2=" " tag="010"><subfield code="a">sn 91052250 </subfield></datafield><datafield ind1=" " ind2=" " tag="040"><subfield code="a">CNQ</subfield><subfield code="b">eng</subfield><subfield code="c">CNQ</subfield><subfield code="d">OCLCQ</subfield></datafield><datafield ind1=" " ind2=" " tag="042"><subfield code="a">msc</subfield></datafield><datafield ind1="0" ind2="0" tag="245"><subfield code="a">Durango herald-news.</subfield></datafield><datafield ind1="1" ind2="7" tag="246"><subfield code="a">Daily Durango herald-news</subfield></datafield><datafield ind1="3" ind2="0" tag="246"><subfield code="a">Durango-Cortez herald</subfield></datafield><datafield ind1=" " ind2=" " tag="260"><subfield code="a">Durango, Colo. :</subfield><subfield code="b">[s.n.]</subfield></datafield><datafield ind1=" " ind2=" " tag="300"><subfield code="a">v.</subfield></datafield><datafield ind1=" " ind2=" " tag="310"><subfield code="a">Daily (except Sat.)</subfield></datafield><datafield ind1="0" ind2=" " tag="362"><subfield code="a">Vol. 65, no. 142 (June 15, 1952)-v. 9, no. 143 (July 22, 1960).</subfield></datafield><datafield ind1=" " ind2=" " tag="500"><subfield code="a">Published Sun. as: Durango-Cortez herald, June 1958-July 1960.</subfield></datafield><datafield ind1=" " ind2=" " tag="515"><subfield code="a">Sunday issues have their own numbering.</subfield></datafield><datafield ind1=" " ind2=" " tag="530"><subfield code="a">Available on microfilm from the Colorado Historical Society.</subfield></datafield><datafield ind1=" " ind2=" " tag="752"><subfield code="a">United States</subfield><subfield code="b">Colorado</subfield><subfield code="c">La Plata</subfield><subfield code="d">Durango.</subfield></datafield><datafield ind1=" " ind2=" " tag="752"><subfield code="a">United States</subfield><subfield code="b">Colorado</subfield><subfield code="c">Montezuma</subfield><subfield code="d">Cortez.</subfield></datafield><datafield ind1="0" ind2="4" tag="780"><subfield code="t">Durango herald-democrat</subfield><subfield code="w">(DLC)sn 90051400</subfield></datafield><datafield ind1="0" ind2="4" tag="780"><subfield code="t">Durango news</subfield><subfield code="w">(DLC)sn 91052249</subfield></datafield><datafield ind1="0" ind2="0" tag="785"><subfield code="t">Durango herald (Durango, Colo. : 1960)</subfield><subfield code="w">(DLC)sn 91052251</subfield></datafield></record>